@article{emmons2016analysis,
  title={Analysis of network clustering algorithms and cluster quality metrics at scale},
  author={Emmons, Scott and Kobourov, Stephen and Gallant, Mike and B{\"o}rner, Katy},
  journal={PloS one},
  volume={11},
  number={7},
  pages={e0159161},
  year={2016},
  publisher={Public Library of Science San Francisco, CA USA}
}

@article{wandy2021graphomics,
  title={GraphOmics: an interactive platform to explore and integrate multi-omics data},
  author={Wandy, Joe and Daly, R{\'o}n{\'a}n},
  journal={BMC bioinformatics},
  volume={22},
  number={1},
  pages={1--19},
  year={2021},
  publisher={Springer}
}

@inproceedings{nobre2019state,
  title={The state of the art in visualizing multivariate networks},
  author={Nobre, Carolina and Meyer, Miriah and Streit, Marc and Lex, Alexander},
  booktitle={Computer Graphics Forum},
  volume={38},
  number={3},
  pages={807--832},
  year={2019},
  organization={Wiley Online Library}
}

@inproceedings{mcgee2019state,
  title={The state of the art in multilayer network visualization},
  author={Mcgee, Fintan and Ghoniem, Mohammad and Melan{\c{c}}on, Guy and Otjacques, Benoit and Pinaud, Bruno},
  booktitle={Computer Graphics Forum},
  volume={38},
  number={6},
  pages={125--149},
  year={2019},
  organization={Wiley Online Library}
}

@article{shannon2003cytoscape,
  title={Cytoscape: a software environment for integrated models of biomolecular interaction networks},
  author={Shannon, Paul and Markiel, Andrew and Ozier, Owen and Baliga, Nitin S and Wang, Jonathan T and Ramage, Daniel and Amin, Nada and Schwikowski, Benno and Ideker, Trey},
  journal={Genome research},
  volume={13},
  number={11},
  pages={2498--2504},
  year={2003},
  publisher={Cold Spring Harbor Lab}
}